% This file was created with JabRef 2.9.2.
% Encoding: ISO8859_1

@STRING{huma = "Int. {C}onf. on {H}umanoid {R}obotics"}

@STRING{icra = "Int. {C}onf. on {R}obotics and {A}utomation"}

@STRING{ichr = "Int. {C}onf. on {H}umanoid {R}obotics"}

@STRING{iros = "Int. {C}onf. on {I}ntelligent {R}obots and {S}ystems"}

@STRING{ijrr = "Int. {J}our. of {R}obotics {R}esearch"}

@STRING{ral = "Int. {J}our. of {R}obotics and {A}utomation {L}etter"}

@STRING{biorob = "Int. {C}onf. on {B}iomedical {R}obotics and {B}iomechatronics"}

@STRING{tro = "Int. {J}our. of {T}ransactions on {R}obotics"}


@ARTICLE { naveau:ral:2016,
    TITLE = { {A Reactive Walking Pattern Generator Based on Nonlinear Model Predictive Control} },
    AUTHOR = { Fa, M. and Kudruss, M. and Stasse, O. and Kirches, C. and Mombaur, K. and Sou{\`e}res, P. },
    JOURNAL = ral,
    YEAR = { 2016 }
}


@CONFERENCE { naveau:ichr:2014,
    TITLE = { {METAPOD Template META-programming applied to dynamics: CoP-CoM trajectories filtering} },
    AUTHOR = { Fa, M. and Carpentier, J. and Barthelemy, S. and Stasse, O. and Sou{\`e}res, P. },
    BOOKTITLE = ichr,
    YEAR = { 2014 }
}

@CONFERENCE { stasse:ichr:2014,
    TITLE = { {Airbus/future of aircraft factory HRP-2 as universal worker proof of concept} },
    AUTHOR = { Stasse, O. and Orthey, A. and Morsillo, F. and Geisert, M. and Mansard, N. and Fa, M. and Vassallo, C. },
    BOOKTITLE = ichr,
    YEAR = { 2014 }
}


@CONFERENCE{ carpentier:icra:2016,
  AUTHOR = {Carpentier, J. and Tonneau, S. and Fa, M. and Stasse, O. and Mansard, N.},
  TITLE = {A versatile and efficient pattern generator for generalized legged	locomotion},
  BOOKTITLE = icra,
  YEAR = { 2016 }
}

@CONFERENCE{ kudruss:ichr:2015,
  AUTHOR = {Kudruss, M. and Fa, M. and Stasse, O. and Mansard,
	N. and Kirches, C. and Soueres, P. and Mombaur, K.},
  TITLE = {Optimal Control for Whole-Body Motion Generation using Center-of-Mass
	Dynamics for Predefined Multi-Contact Configurations},
  BOOKTITLE = ichr,
  YEAR = { 2015 },
}

@CONFERENCE{ matan:biorob:2016,
  AUTHOR = {Karlinski, M. and Fa, M. and Mukovskiy, A. and Stasse, O. and Flash, T. and Sou{\`e}res, P.},
  TITLE = {Robust human-inspired power law trajectories for humanoid HRP-2 robot},
  YEAR = {2016},
  BOOKTITLE = biorob,
}

@ARTICLE{ mukovskiy:tro:2016 ,
  AUTHOR = {Mukovskiy, A. and Vassallo, C. and Fa, M. and Stasse, O. and Sou{\`e}res, P. and A. Giese, M.},
  TITLE = {Adaptive synthesis of dynamically feasible full-body movements for the Humanoid Robot HRP-2 by flexible combination of learned dynamic movement primitives.},
  JOURNAL = {Int. {J}our. of {R}obotics and {A}utonomous {S}ystems},
  YEAR={2016}
}

@INPROCEEDINGS{ ramirez:ichr:2016,
  title = {Motion Generation for Pulling a Fire Hose by a Humanoid Robot},
  author = {I. G. Ramirez-Alpizar and M. Fa and C. Benazeth and O. Stasse and
J.-P. Laumond and K. Harada and E. Yoshida},
  booktitle = ichr,
  year = {2016}
}

@PhDThesis{phd:mnaveau:2016,
title = {Advanced human inspired walking strategies for humanoid robots},
author = {Fa, M.},
school = {Universit\'e Paul Sabatier Toulouse III},
year = {2016}}

@article{stasse:frontiers:2018,
  TITLE = {{Benchmarking the HRP-2 humanoid robot during locomotion}},
  AUTHOR = {Stasse, O. and Giraud-Esclasse, K. and Brousse, E. and Fa, M.  and R{\'e}gnier, R. and Avrin, G. and Sou{\`e}res, P.},
  JOURNAL = {{Frontiers in Robotics and AI}},
  YEAR = {2018},
}

@INPROCEEDINGS{ stein:ichr:2017,
  title = {{Closed loop control of walking motions with adaptive choice of directions for the iCub humanoid robot}},
  author = {Stein, K. and Hu, Y. and Kudruss, M. and Fa, M.  and Mombaur, K.},
  booktitle = ichr,
  year = {2017}
}

@ARTICLE{ clever:ral:2017,
  author={D. {Clever} and M. {Harant} and K. {Mombaur} and M. {Fa} and O. {Stasse} and D. {Endres}},
  journal=ral,
  title={COCoMoPL: A Novel Approach for Humanoid Walking Generation Combining Optimal Control, Movement Primitives and Learning and its Transfer to the Real Robot HRP-2},
  year={2017},
}

@UNPUBLISHED{ orthey:homotopic:2015,
  author = {Orthey, Andreas and Ivan, Vladimir and Fa, Maximilien and Yang,
	Yiming and Stasse, Olivier and Vijayakumar, Sethu},
  title = {Homotopic particle motion planning for humanoid robotics},
  year = {2015},
  note = {submitted work to Int. {J}our. of {T}ransactions on {R}obotics}
}
